<?xml version="1.0" encoding="UTF-8"?><collection xmlns="http://www.loc.gov/MARC21/slim"><record><leader>00483nam--2200181-u-4500</leader><controlfield tag="001">000056411</controlfield><controlfield tag="002">20161230</controlfield><controlfield tag="005">20161230201052</controlfield><controlfield tag="008">150813s1000------------r-----000-0-rum-d</controlfield><datafield ind1=" " ind2=" " tag="040"><subfield code="a">IFIN-HH</subfield></datafield><datafield ind1=" " ind2=" " tag="041"><subfield code="a">rum</subfield></datafield><datafield ind1=" " ind2=" " tag="080"><subfield code="a">530.16</subfield></datafield><datafield ind1="1" ind2=" " tag="100"><subfield code="a">Kuznetov, I.V</subfield></datafield><datafield ind1="1" ind2="0" tag="245"><subfield code="a">Problema cauzalitatii in fizica moderna</subfield><subfield code="c">I.v. kuznetov, n.p. ovcinnikov, m.e. omelianovski</subfield></datafield><datafield ind1=" " ind2=" " tag="260"><subfield code="a">Bucuresti</subfield><subfield code="b">Editura Stiintifica</subfield><subfield code="c">1963</subfield></datafield><datafield ind1=" " ind2=" " tag="300"><subfield code="a">372P</subfield></datafield><datafield ind1="1" ind2=" " tag="700"><subfield code="a">Omelianovski, M.E</subfield></datafield><datafield ind1=" " ind2=" " tag="852"><subfield code="a">77659</subfield></datafield></record></collection>